%Original
@book{wilcox2006solving,
  title={Solving the Enigma: History of the Cryptanalytic Bombe},
  author={Wilcox, Jennifer E},
  year={2006},
  publisher={Center for Cryptologic History, National Security Agency}
}

%1
@book{maccormack2007innovation,
  title={Innovation through global collaboration: A new source of competitive advantage},
  author={MacCormack, Alan David and Forbath, Theodore and Brooks, Peter and Kalaher, Patrick},
  year={2007},
  publisher={Division of Research, Harvard Business School}
}

%2
@book{daemen2013design,
  title={The design of Rijndael: AES-the advanced encryption standard},
  author={Daemen, Joan and Rijmen, Vincent},
  year={2013},
  publisher={Springer Science \& Business Media}
}

%3
@article{shimobaba2015optical,
  title={Optical encryption for large-sized images using random phase-free 
         method},
  author={Shimobaba, Tomoyoshi and Kakue, Takashi and Endo, Yutaka and Hirayama, 
          Ryuji and Hiyama, Daisuke and Hasegawa, Satoki and Nagahama, Yuki and 
          Sano, Marie and Sugie, Takashige and Ito, Tomoyoshi},
  journal={arXiv preprint arXiv:1503.00360},
  year={2015}
}

%4
@article{ryan1995freedom,
  title={Freedom to Speak Unintelligibly: The First Amendment Implications of 
         Government-Controlled Encryption},
  author={Ryan, Jill M},
  journal={Wm. \& Mary Bill Rts. J.},
  volume={4},
  pages={1165},
  year={1995},
  publisher={HeinOnline}
}

%5
@article{herman2016fbi,
  title={The FBI's demands to hack Tashfeen Malik's iphone are a threat to 
         everyone's online security},
  author={Herman, Bill},
  journal={USApp--American Politics and Policy Blog},
  year={2016},
  publisher={The London School of Economics and Political Science}
}

%6
@inproceedings{deshpande2009fpga,
  title={FPGA implementation of AES encryption and decryption},
  author={Deshpande, Ashwini M and Deshpande, Mangesh S and Kayatanavar, Devendra N},
  booktitle={Control, Automation, Communication and Energy Conservation, 2009. INCACEC 2009. 2009 International Conference on},
  pages={1--6},
  year={2009},
  organization={IEEE}
}

@online{alanturingsite,
  title = "Alan Turing: The Enigma",
  author = "Andrew Hodges",
  url = "http://www.turing.org.uk/index.html",
  year = 1995
}
